<record><leader>00000cas a22000007a 4500</leader><controlfield tag="001">21191617</controlfield><controlfield tag="008">900309d19uu1980ohucr ne      0    0eng d</controlfield><controlfield tag="009">8043</controlfield><datafield ind1=" " ind2=" " tag="010"><subfield code="a">sn 90068201 </subfield></datafield><datafield ind1=" " ind2=" " tag="040"><subfield code="a">ONP</subfield><subfield code="b">eng</subfield><subfield code="c">ONP</subfield><subfield code="d">DLC</subfield><subfield code="d">OCLCQ</subfield></datafield><datafield ind1="1" ind2=" " tag="029"><subfield code="a">AU@</subfield><subfield code="b">000020591843</subfield></datafield><datafield ind1=" " ind2=" " tag="042"><subfield code="a">msc</subfield></datafield><datafield ind1="0" ind2=" " tag="130"><subfield code="a">Centerville-Bellbrook times (Kettering, Ohio)</subfield></datafield><datafield ind1="0" ind2="0" tag="245"><subfield code="a">Centerville-Bellbrook times.</subfield></datafield><datafield ind1="0" ind2="0" tag="246"><subfield code="a">Centerville Bellbrook times</subfield></datafield><datafield ind1=" " ind2=" " tag="260"><subfield code="a">Kettering, Ohio :</subfield><subfield code="b">Kettering-Oakwood Times Inc.,</subfield><subfield code="c">-1980.</subfield></datafield><datafield ind1=" " ind2=" " tag="300"><subfield code="a">v.</subfield></datafield><datafield ind1=" " ind2=" " tag="310"><subfield code="a">Semiweekly</subfield></datafield><datafield ind1="0" ind2=" " tag="362"><subfield code="a">-v. 10, no. 24 (Apr. 2, 1980).</subfield></datafield><datafield ind1=" " ind2="4" tag="651"><subfield code="a">Centerville (Montgomery County, Ohio)</subfield><subfield code="v">Newspapers.</subfield></datafield><datafield ind1=" " ind2="4" tag="651"><subfield code="a">Bellbrook (Ohio)</subfield><subfield code="v">Newspapers.</subfield></datafield><datafield ind1=" " ind2="4" tag="651"><subfield code="a">Kettering (Ohio)</subfield><subfield code="v">Newspapers.</subfield></datafield><datafield ind1=" " ind2="4" tag="651"><subfield code="a">Montgomery County (Ohio)</subfield><subfield code="v">Newspapers.</subfield></datafield><datafield ind1=" " ind2=" " tag="752"><subfield code="a">United States</subfield><subfield code="b">Ohio</subfield><subfield code="c">Montgomery</subfield><subfield code="d">Kettering.</subfield></datafield><datafield ind1="0" ind2="0" tag="785"><subfield code="t">Times (Kettering, Ohio : Centerville-Bellbrook ed.)</subfield><subfield code="w">(DLC)sn 90068202</subfield></datafield></record>